
@online{standardmodel,
  title = {Standardmodel},
  url = {https://de.wikipedia.org/wiki/Standardmodell#/media/File:Standard_Model_of_Elementary_Particles-de.svg},
  urldate = {2018-11-12},
}